@Misc{Henderson-2020,
title = {{UncNLPrograms.jl}: Native {J}ulia {CUTE} Subset of Unconstrained Nonlinear Programs},
author = {{Henderson}, Daniel P. and {Contributors}},
month = {September},
url =  {https://github.com/danphenderson/UncNLPrograms.jl},
year = {2021}
}
