@article{greenwade93,
    author  = "George D. Greenwade",
    title   = "The {C}omprehensive {T}ex {A}rchive {N}etwork ({CTAN})",
    year    = "1993",
    journal = "TUGBoat",
    volume  = "14",
    number  = "3",
    pages   = "342--351"
}

@Book{NocedalAndWright06,
  Title                    = {Numerical Optimization},
  Author                   = {Jorge Nocedal and Stephen J. Wright},
  Publisher                = {Springer},
  Year                     = {2006},
  Address                  = {New York, NY, USA},
  Edition                  = {second}
}


@software{OptimizationProblems,
  title        = {OptimizationProblems.jl: A collection of optimization problems in Julia},
  author       = {Tangi Migot and Dominique Orban and Abel Soares Siqueira},
  organization = {GERAD and Department of Mathematics and Industrial Engineering, Polytechnique Montr√©al, QC, Canada; Netherlands eScience Center, Amsterdam, NL},
  version      = {0.7.3},
  date         = {2023-07-24},
  keywords     = {Nonlinear Optimization, Least squares, Julia, Nonlinear Programming},
  doi          = {10.5281/zenodo.3672094},
  url          = {https://github.com/JuliaSmoothOptimizers/OptimizationProblems.jl},
  license      = {MPL-2.0},
  note         = {If you use this software, please cite it using the metadata from this file.},
}
